<record><leader>00000cas a22000007a 4500</leader><controlfield tag="001">13402361</controlfield><controlfield tag="008">860407d183818uupauwr ne      0    0ger  </controlfield><datafield ind1=" " ind2=" " tag="010"><subfield code="a">sn 86071322 </subfield></datafield><datafield ind1=" " ind2=" " tag="040"><subfield code="a">DLC</subfield><subfield code="b">eng</subfield><subfield code="c">DLC</subfield><subfield code="d">NPX</subfield><subfield code="d">OCLCQ</subfield></datafield><datafield ind1=" " ind2=" " tag="042"><subfield code="a">msc</subfield></datafield><datafield ind1="0" ind2="0" tag="050"><subfield code="a">Newspaper 9375-X</subfield></datafield><datafield ind1="0" ind2="0" tag="245"><subfield code="a">Lehigh journal and Northampton and Lehigh Counties advertiser.</subfield></datafield><datafield ind1="1" ind2="7" tag="246"><subfield code="a">Northampton Whig and Lehigh journal</subfield></datafield><datafield ind1=" " ind2=" " tag="260"><subfield code="a">Allentown, Pa. :</subfield><subfield code="b">G.A. Sage</subfield></datafield><datafield ind1=" " ind2=" " tag="300"><subfield code="a">v. ;</subfield><subfield code="c">53 cm.</subfield></datafield><datafield ind1=" " ind2=" " tag="310"><subfield code="a">Weekly</subfield></datafield><datafield ind1="1" ind2=" " tag="362"><subfield code="a">Began in 1838.</subfield><subfield code="z">Cf. Gregory, W. Amer. newspapers.</subfield></datafield><datafield ind1=" " ind2=" " tag="500"><subfield code="a">Published from same office: Whig (Easton, Pa.).</subfield></datafield><datafield ind1=" " ind2=" " tag="588"><subfield code="a">Description based on: New ser., v. 2, no. 9 (Dec. 25, 1839).</subfield></datafield><datafield ind1=" " ind2=" " tag="752"><subfield code="a">United States</subfield><subfield code="b">Pennsylvania</subfield><subfield code="c">Lehigh</subfield><subfield code="d">Allentown.</subfield></datafield><datafield ind1="1" ind2=" " tag="029"><subfield code="a">AU@</subfield><subfield code="b">000025834406</subfield></datafield></record>